@Article{Beattie/etal:1982,
  author = 	 {Beattie, G. and Cutler, A. and Pearson, M},
  title = 	 {Why is {M}rs.\ {T}hatcher interrupted so often?},
  journal = 	 {Nature},
  year = 	 1982,
  volume = 	 300,
  pages = 	 {744--747}}

@Book{Fant:1960,
  author = 	 {Fant, G.},
  title = 	 {Acoustic Theory of Speech Production},
  publisher = 	 {Mouton},
  year = 	 1960}

@Misc{IPS-SAMPA,
  key =          {{IPA-SAMPA}},
  title = 	 {{IPA-SAMPA} phonetic fonts},
  howpublished = {\url{https://www.phon.ucl.ac.uk/shop/fonts.php}},
  note = 	 {visited 5-Jan-06}}

@Misc{IPA-SIL,
  key = 	 {IPA-SIL},
  title = 	 {{IPA} Transcription with {SIL} Fonts},
  howpublished = {\url{https://scripts.sil.org/cms/scripts/page.php?item_id=IPAhome}}}



@Misc{IPA-KEYBOARD,
  key = 	 {IPA-KEYBOARD},
  title = 	 {International {Phonetic} {Alphabet} ({IPA}) chart {Unicode} ``keyboard''},
  howpublished = {\url{https://westonruter.github.io/ipa-chart/keyboard/}}}

@InProceedings{Ladefoged:2003,
  author = 	 {Ladefoged, P.},
  title = 	 {Phonetic fieldwork},
  booktitle = {Proc. 15th ICPhS},
  address = {Barcelona},
  pages = 	 {203--206},
  year = 	 2003}

@Article{Peterson/Barney:1952,
  author = 	 {Peterson, G. E. and Barney, H. L.},
  title = 	 {Control methods used in a study of the vowels},
  journal = 	 {J. Acoust. Soc. Am.},
  year = 	 1952,
  volume = 	 24,
  pages = 	 {175--184}}

@InCollection{Stevens:1999,
  author = 	 {Stevens, K.},
  title = 	 {Articulatory-acoustic-auditory relationships},
  booktitle = 	 {The Handbook of Phonetic Science},
  pages = 	 {462--506},
  publisher = {Blackwell},
  year = 	 1999,
  editor = 	 {Hardcastle, W. and Laver, J.}}

@Misc{Anonymous:submitted,
  author = 	 {Anonymous},
  title = 	 {How speech is organized in homo sapiens},
  year =     {Submitted}}
  
@InCollection{Boril/Skarnitzl:2016,
    author = {Bo{\v{r}}il, Tom{\'a}{\v{s}} and Skarnitzl, Radek},
    editor = {Sojka, Petr and Hor{\'a}k, Ale{\v{s}} and Kope{\v{c}}ek, Ivan and Pala, Karel},
    booktitle = {Text, Speech, and Dialogue: 19th International Conference, {TSD} 2016, {B}rno, {C}zech Republic, September 12-16, 2016, Proceedings},
    publisher = {Springer International Publishing},
    year = {2016},
    title = {{Tools rPraat and mPraat}},
    pages = {367--374}}
}

