 @manual{baselga2020,
  title = {{b}etapart: Partitioning Beta Diversity into Turnover and Nestedness
Components},
  author = {Andres Baselga and David Orme and Sebastien Villeger and Julien {De Bortoli} and Fabien Leprieur and Maxime Logez},
  year = {2020},
  note = {R package version 1.5.2},
  url = {https://CRAN.R-project.org/package=betapart},
}

@article{open2015estimating,
  title={Estimating the reproducibility of psychological science},
  author={{Open Science Collaboration}},
  journal={Science},
  volume={349},
  number={6251},
  year={2015},
  doi={10.1126/science.aac4716},
  publisher={American Association for the Advancement of Science}
}

@article{camerer2018evaluating,
  title={Evaluating the replicability of social science experiments in Nature and Science between 2010 and 2015},
  author={Camerer, Colin F and Dreber, Anna and Holzmeister, Felix and Ho, Teck-Hua and Huber, J{\"u}rgen and Johannesson, Magnus and Kirchler, Michael and Nave, Gideon and Nosek, Brian A and Pfeiffer, Thomas and others},
  journal={Nature Human Behaviour},
  volume={2},
  number={9},
  pages={637--644},
  year={2018},
  doi={10.1038/s41562-018-0399-z},
  publisher={Nature Publishing Group}
}

@misc{flake2019,
  author = {Flake, Jessica Kay and Fried, Eiko I.},
  howpublished = {Pre-print available at PsyArXiv},
  title = {Measurement schmeasurement: Questionable measurement practices and how to avoid them},
  year = {2019}
}

@article{foulkes2006,
  author = {Foulkes, Paul and Docherty, Gerard},
  journal = {Journal of Phonetics},
  number = {4},
  pages = {409--438},
  title = {The social life of phonetics and phonology},
  volume = {34},
  year = {2006}
}

@article{ogden2004,
  title = {Non-modal voice quality and turn-taking in {F}innish},
  author = {Richard Ogden},
  year = {2004},
  pages = {29--62},
  journal = {Sound patterns in interaction: cross-linguistic studies from conversation},
}

@incollection{white2009,
  author = {White, Laurence and Payne, Elinor and Mattys, Sven L.},
  booktitle = {Phonetics and phonology: Interactions and interrelations},
  editor = {Vigario, M. and Frota, S. and Freitas, M. J.},
  pages = {137--158},
  publisher = {Amsterdam: John Benjamins},
  title = {Rhythmic and prosodic contrast in {V}enetan and {S}icilian {I}talian},
  year = {2009}
}

@article{dice1945,
  author = {Dice, Lee Raymond},
  journal = {Ecology},
  number = {3},
  pages = {297--302},
  title = {Measures of the Amount of Ecologic Association Between Species},
  volume = {26},
  year = {1945}}

@article{sorensen1948,
  author = {S{\o}rensen, Thorlvald},
  journal = {Kongelige Danske Videnskabernes Selskab},
  number = {4},
  pages = {1--34},
  title = {A method of establishing groups of equal amplitude in plant sociology based on similarity of species and its application to analyses of the vegetation on {D}anish commons},
  volume = {5},
  year = {1948}}

@book{light1984,
  Author = {Light, Richard J. and Pillemer, David B.},
  Publisher = {Cambridge, MA (USA) Harvard Univ. Press},
  Title = {Summing up; The science of reviewing research},
  Year = {1984}}

@incollection{sterne2005,
  Author = {Sterne, Jonathan A. C. and Becker, Betsy Jane and Egger, Matthias},
  Booktitle = {Publication bias in meta-analysis: Prevention, assessment and adjustments},
  Chapter = {5},
  Editor = {Hannah R. Rothstein and Alexander J. Sutton and Michael Borenstein},
  Pages = {75--98},
  Publisher = {Wiley Online Library},
  Title = {The funnel plot},
  Year = {2005}}

  @article{lau2006,
  Author = {Lau, Joseph and Ioannidis, John P. A. and Terrin, Norma and Schmid, Christopher H. and Olkin, Ingram},
  Journal = {British Medical Journal},
  Number = {7568},
  Pages = {597--600},
  Title = {The case of the misleading funnel plot},
  Volume = {333},
  Year = {2006}}

  @article{egger1997,
  Author = {Egger, Matthias and Smith, George Davey and Schneider, Martin and Minder, Christoph},
  Journal = {British Medical Journal},
  Pages = {629--634},
  Title = {Bias in meta-analysis detected by a simple, graphical test},
  Volume = {315},
  Year = {1997}}

%
% New additions (should be double checked)
%

@article{rotello2015more,
  title={When more data steer us wrong: {R}eplications with the wrong dependent measure perpetuate erroneous conclusions},
  author={Rotello, Caren M and Heit, Evan and Dub{\'e}, Chad},
  journal={Psychonomic Bulletin \& Review},
  volume={22},
  number={4},
  pages={944--954},
  year={2015},
  publisher={Springer}
}

@article{starns2019assessing,
  title={Assessing theoretical conclusions with blinded inference to investigate a potential inference crisis},
  author={Starns, Jeffrey J and Cataldo, Andrea M and Rotello, Caren M and Annis, Jeffrey and Aschenbrenner, Andrew and Br{\"o}der, Arndt and Cox, Gregory and Criss, Amy and Curl, Ryan A and Dobbins, Ian G and John Dunn and Tasnuva Enam and Nathan J. Evans and Simon Farrell and Scott H. Fraundorf and Scott D. Gronlund and Andrew Heathcote and Daniel W. Heck and Jason L. Hicks and Mark J. Huff and David Kellen and Kylie N. Key and Asli Kilic and Karl Christoph Klauer and Kyle R. Kraemer and Fábio P. Leite and Marianne E. Lloyd and Simone Malejka and Alice Mason and Ryan M. McAdoo and Ian M. McDonough and Robert B. Michael and Laura Mickes and Eda Mizrak and David P. Morgan and Shane T. Mueller and Adam Osth and Angus Reynolds and Travis M. Seale-Carlisle and Henrik Singmann and Jennifer F. Sloane and Andrew M. Smith and Gabriel Tillman and Don van Ravenzwaaij and Christoph T. Weidemann and Gary L. Wells and Corey N. White and Jack Wilson},
  journal={Advances in Methods and Practices in Psychological Science},
  volume={2},
  number={4},
  pages={335--349},
  year={2019},
  publisher={Sage Publications Sage CA: Los Angeles, CA}
}

@article{simmons2011false,
  title={False-positive psychology: Undisclosed flexibility in data collection and analysis allows presenting anything as significant},
  author={Simmons, Joseph P and Nelson, Leif D and Simonsohn, Uri},
  journal={Psychological science},
  volume={22},
  number={11},
  pages={1359--1366},
  year={2011},
  publisher={Sage Publications Sage CA: Los Angeles, CA}
}

% This is a personal preprint
% Published ref listed below
@article{gelman2013garden,
  title={The garden of forking paths: Why multiple comparisons can be a problem, even when there is no “fishing expedition” or “p-hacking” and the research hypothesis was posited ahead of time},
  author={Gelman, Andrew and Loken, Eric},
  journal={Department of Statistics, Columbia University},
  year={2013}
}

@article{gelman2014statistical,
  title={The statistical crisis in science: data-dependent analysis--a" garden of forking paths"--explains why many statistically significant comparisons don't hold up},
  author={Gelman, Andrew and Loken, Eric},
  journal={American scientist},
  volume={102},
  number={6},
  pages={460--466},
  year={2014}
}

@article{box1976science,
  title={Science and statistics},
  author={Box, George EP},
  journal={Journal of the American Statistical Association},
  volume={71},
  number={356},
  pages={791--799},
  year={1976},
  publisher={Taylor \& Francis}
}

@book{tukey1977exploratory,
  title={Exploratory data analysis},
  author={Tukey, John W},
  volume={2},
  year={1977},
  publisher={Reading, MA}
}

% Not sure about this one
% double check 
@book{de2014thought,
  title={Thought and choice in chess},
  author={De Groot, Adriaan D},
  volume={4},
  year={2014},
  publisher={Walter de Gruyter GmbH \& Co KG}
}

@article{silberzahn2018many,
  title={Many analysts, one data set: Making transparent how variations in analytic choices affect results},
  author={Silberzahn, Raphael and Uhlmann, Eric Luis and Martin, Daniel P and Anselmi, Pasquale and Aust, Frederik and Awtrey, Eli and Bahn{\'\i}k, {\v{S}}t{\v{e}}p{\'a}n and Bai, Feng and Bannard, Colin and Bonnier, Evelina and others},
  journal={Advances in Methods and Practices in Psychological Science},
  volume={1},
  number={3},
  pages={337--356},
  year={2018},
  publisher={Sage Publications Sage CA: Los Angeles, CA}
}

@article{botvinik2020variability,
  title={Variability in the analysis of a single neuroimaging dataset by many teams},
  author={Botvinik-Nezer, Rotem and Holzmeister, Felix and Camerer, Colin F and Dreber, Anna and Huber, Juergen and Johannesson, Magnus and Kirchler, Michael and Iwanir, Roni and Mumford, Jeanette A and Adcock, R Alison and others},
  journal={Nature},
  pages={1--7},
  year={2020},
  publisher={Nature Publishing Group}
}

@article{tversky1974judgment,
  title={Judgment under uncertainty: Heuristics and biases},
  author={Tversky, Amos and Kahneman, Daniel},
  journal={science},
  volume={185},
  number={4157},
  pages={1124--1131},
  year={1974},
  publisher={American association for the advancement of science}
}

%
% Brugger here
%

@article{nickerson1998confirmation,
  title={Confirmation bias: A ubiquitous phenomenon in many guises},
  author={Nickerson, Raymond S},
  journal={Review of general psychology},
  volume={2},
  number={2},
  pages={175--220},
  year={1998},
  publisher={SAGE Publications Sage CA: Los Angeles, CA}
}

@article{fischhoff1975hindsight,
  title={Hindsight is not equal to foresight: The effect of outcome knowledge on judgment under uncertainty.},
  author={Fischhoff, Baruch},
  journal={Journal of Experimental Psychology: Human perception and performance},
  volume={1},
  number={3},
  pages={288},
  year={1975},
  publisher={American Psychological Association}
}

@article{sterling1959publication,
  title={Publication decisions and their possible effects on inferences drawn from tests of significance—or vice versa},
  author={Sterling, Theodore D},
  journal={Journal of the American statistical association},
  volume={54},
  number={285},
  pages={30--34},
  year={1959},
  publisher={Taylor \& Francis Group}
}

@article{koole2012rewarding,
  title={Rewarding replications: A sure and simple way to improve psychological science},
  author={Koole, Sander L and Lakens, Dani{\"e}l},
  journal={Perspectives on Psychological Science},
  volume={7},
  number={6},
  pages={608--614},
  year={2012},
  publisher={Sage Publications Sage CA: Los Angeles, CA}
}

@article{roettger2019researcher,
  title={Researcher degrees of freedom in phonetic research},
  author={Roettger, Timo B},
  journal={Laboratory Phonology: Journal of the Association for Laboratory Phonology},
  volume={10},
  number={1},
  year={2019},
  publisher={Ubiquity Press}
}

@article{wicherts2006poor,
  title={The poor availability of psychological research data for reanalysis.},
  author={Wicherts, Jelte M and Borsboom, Denny and Kats, Judith and Molenaar, Dylan},
  journal={American psychologist},
  volume={61},
  number={7},
  pages={726},
  year={2006},
  publisher={American Psychological Association}
}

% Unsure about this one
% double check
@article{wagenmakers2012agenda,
  title={An agenda for purely confirmatory research},
  author={Wagenmakers, Eric-Jan and Wetzels, Ruud and Borsboom, Denny and van der Maas, Han LJ and Kievit, Rogier A},
  journal={Perspectives on Psychological Science},
  volume={7},
  number={6},
  pages={632--638},
  year={2012},
  publisher={Sage Publications Sage CA: Los Angeles, CA}
}

@article{nosek2014method,
  title={A method to increase the credibility of published results},
  author={Nosek, Brian A and Lakens, Dani{\"e}l},
  journal={Social Psychology},
  volume={45},
  number={3},
  pages={137--141},
  year={2014}
}

%
% Wichert et al. 2015 here (cant find)
%

%
% Charles et al. 2019 here (cant find)
%

@article{jongman2000acoustic,
  title={Acoustic characteristics of English fricatives},
  author={Jongman, Allard and Wayland, Ratree and Wong, Serena},
  journal={The Journal of the Acoustical Society of America},
  volume={108},
  number={3},
  pages={1252--1263},
  year={2000},
  publisher={Acoustical Society of America}
}

@article{lisker1986voicing,
  title={“Voicing” in {E}nglish: A catalogue of acoustic features signaling /b/ versus /p/ in trochees},
  author={Lisker, Leigh},
  journal={Language and speech},
  volume={29},
  number={1},
  pages={3--11},
  year={1986},
  publisher={SAGE Publications Sage UK: London, England}
}

%
% Summerfield, 1984; (cant find)
%

@article{winter2014spoken,
  title={Spoken language achieves robustness and evolvability by exploiting degeneracy and neutrality},
  author={Winter, Bodo},
  journal={BioEssays},
  volume={36},
  number={10},
  pages={960--967},
  year={2014},
  publisher={Wiley Online Library}
}

@article{lisker1977rapid,
  title={Rapid versus rabid: A catalogue of acoustic features that may cue the distinction},
  author={Lisker, Leigh},
  journal={The Journal of the Acoustical Society of America},
  volume={62},
  number={S1},
  pages={S77--S78},
  year={1977},
  publisher={Acoustical Society of America}
}

@article{hawkins2004influence,
  title={Influence of syllable-coda voicing on the acoustic properties of syllable-onset /l/ in {E}nglish},
  author={Hawkins, Sarah and Nguyen, No{\"e}l},
  journal={Journal of Phonetics},
  volume={32},
  number={2},
  pages={199--231},
  year={2004},
  publisher={Elsevier}
}

@article{gordon2017acoustic,
  title={Acoustic correlates of word stress: A cross-linguistic survey},
  author={Gordon, Matthew and Roettger, Timo},
  journal={Linguistics Vanguard},
  volume={3},
  number={1},
  pages={1--11},
  year={2017},
  publisher={De Gruyter Mouton}
}

% Double check this one
%
@book{ladd2008intonational,
  title={Intonational phonology},
  author={Ladd, D Robert},
  year={2008},
  publisher={Cambridge University Press}
}

%
% Niebuhr et al., 2011 (cant find)
%

%
% Haan 2002 (cant find)
%

@article{van2005speech,
  title={Speech rate as a secondary prosodic characteristic of polarity questions in three languages},
  author={Van Heuven, Vincent J and Van Zanten, Ellen},
  journal={Speech Communication},
  volume={47},
  number={1-2},
  pages={87--99},
  year={2005},
  publisher={Elsevier}
}

@incollection{grice1975logic,
  title={Logic and conversation},
  author={Grice, Herbert P},
  booktitle={Speech acts},
  pages={41--58},
  year={1975},
  publisher={Brill}
}

@article{sedivy2003pragmatic,
  title={Pragmatic versus form-based accounts of referential contrast: Evidence for effects of informativity expectations},
  author={Sedivy, Julie C},
  journal={Journal of psycholinguistic research},
  volume={32},
  number={1},
  pages={3--23},
  year={2003},
  publisher={Springer}
}

@article{westerbeek2015stored,
  title={Stored object knowledge and the production of referring expressions: The case of color typicality},
  author={Westerbeek, Hans and Koolen, Ruud and Maes, Alfons},
  journal={Frontiers in psychology},
  volume={6},
  pages={935},
  year={2015},
  publisher={Frontiers}
}

@article{rubio2016redundant,
  title={How redundant are redundant color adjectives? An efficiency-based analysis of color overspecification},
  author={Rubio-Fern{\'a}ndez, Paula},
  journal={Frontiers in psychology},
  volume={7},
  pages={153},
  year={2016},
  publisher={Frontiers}
}

@article{arts2011overspecification,
  title={Overspecification in written instruction},
  author={Arts, Anja and Maes, Alfons and Noordman, Leo GM and Jansen, Carel},
  journal={Linguistics},
  volume={49},
  number={3},
  pages={555--574},
  year={2011},
  publisher={De Gruyter Mouton}
}

@article{paraboni2007generating,
  title={Generating referring expressions: Making referents easy to identify},
  author={Paraboni, Ivandr{\'e} and Van Deemter, Kees and Masthoff, Judith},
  journal={Computational linguistics},
  volume={33},
  number={2},
  pages={229--254},
  year={2007},
  publisher={MIT Press}
}

@article{degen2020redundancy,
  title={When redundancy is useful: A Bayesian approach to “overinformative” referring expressions.},
  author={Degen, Judith and Hawkins, Robert D and Graf, Caroline and Kreiss, Elisa and Goodman, Noah D},
  journal={Psychological Review},
  year={2020},
  publisher={American Psychological Association}
}

@inproceedings{gatt2013we,
  title={Are we Bayesian referring expression generators},
  author={Gatt, Albert and van Gompel, Roger PG and van Deemter, Kees and Krahmer, Emiel},
  year={2013},
  organization={Cognitive Science Society}
}

@book{knight2000,
  Author = {Knight, K},
  Publisher = {Chapman and Hall, New York},
  Title = {Mathematical Statistics},
  Year = {2000}}

@Manual{stan,
  title = {Stan Modeling Language Users Guide and Reference Manual},
  author = {{Stan Development Team}},
  organization = {Stan Development Team},
  year = {2019},
  url = {http://mc-stan.org}, 
  version = {2.18.0}
}

@Article{brms,
    title = {Advanced {Bayesian} Multilevel Modeling with the {R} Package {brms}},
    author = {Paul-Christian Bürkner},
    journal = {The R Journal},
    year = {2018},
    volume = {10},
    number = {1},
    pages = {395--411},
    doi = {10.32614/RJ-2018-017},
    encoding = {UTF-8},
  }
  
@article{Gelman_2017, 
  title={The Prior Can Often Only Be Understood in the Context of the Likelihood}, 
  volume={19}, 
  ISSN={1099-4300}, 
  url={http://dx.doi.org/10.3390/e19100555}, 
  DOI={10.3390/e19100555}, 
  number={10}, 
  journal={Entropy}, 
  publisher={MDPI AG}, 
  author={Gelman, Andrew and Simpson, Daniel and Betancourt, Michael}, 
  year={2017}, 
  month={Oct}, 
  pages={1-13}
}