@manual{R-base,
  title        = {R: A Language and Environment for Statistical Computing},
  author       = {{R Core Team}},
  year         = 2020,
  address      = {Vienna, Austria},
  url          = {https://www.R-project.org/},
  organization = {R Foundation for Statistical Computing},
}
@article{R-brms_a,
  title        = {{brms}: An {R} Package for {Bayesian} Multilevel Models Using {Stan}},
  author       = {Paul-Christian Bürkner},
  year         = 2017,
  journal      = {Journal of Statistical Software},
  volume       = 80,
  number       = 1,
  pages        = {1--28},
  doi          = {10.18637/jss.v080.i01},
  encoding     = {UTF-8},
}
@article{R-brms_b,
  title        = {Advanced {Bayesian} Multilevel Modeling with the {R} Package {brms}},
  author       = {Paul-Christian Bürkner},
  year         = 2018,
  journal      = {The R Journal},
  volume       = 10,
  number       = 1,
  pages        = {395--411},
  doi          = {10.32614/RJ-2018-017},
  encoding     = {UTF-8},
}
@manual{R-dplyr,
  title        = {dplyr: A Grammar of Data Manipulation},
  author       = {Hadley Wickham and Romain François and Lionel { Henry} and Kirill Müller},
  year         = 2020,
  url          = {https://CRAN.R-project.org/package=dplyr},
  note         = {R package version 1.0.2},
}
@manual{R-extraDistr,
  title        = {extraDistr: Additional Univariate and Multivariate Distributions},
  author       = {Tymoteusz Wolodzko},
  year         = 2020,
  url          = {https://CRAN.R-project.org/package=extraDistr},
  note         = {R package version 1.9.1},
}
@manual{R-forcats,
  title        = {forcats: Tools for Working with Categorical Variables (Factors)},
  author       = {Hadley Wickham},
  year         = 2020,
  url          = {https://CRAN.R-project.org/package=forcats},
  note         = {R package version 0.5.0},
}
@book{R-ggplot2,
  title        = {ggplot2: Elegant Graphics for Data Analysis},
  author       = {Hadley Wickham},
  year         = 2016,
  publisher    = {Springer-Verlag New York},
  isbn         = {978-3-319-24277-4},
  url          = {https://ggplot2.tidyverse.org},
}
@book{R-knitr,
  title        = {Dynamic Documents with {R} and knitr},
  author       = {Yihui Xie},
  year         = 2015,
  publisher    = {Chapman and Hall/CRC},
  address      = {Boca Raton, Florida},
  url          = {https://yihui.org/knitr/},
  note         = {ISBN 978-1498716963},
  edition      = {2nd},
}
@manual{R-papaja,
  title        = {{papaja}: {Create} {APA} manuscripts with {R Markdown}},
  author       = {Frederik Aust and Marius Barth},
  year         = 2020,
  url          = {https://github.com/crsh/papaja},
  note         = {R package version 0.1.0.9997},
}
@manual{R-patchwork,
  title        = {patchwork: The Composer of Plots},
  author       = {Thomas Lin Pedersen},
  year         = 2020,
  url          = {https://CRAN.R-project.org/package=patchwork},
  note         = {R package version 1.1.1},
}
@manual{R-purrr,
  title        = {purrr: Functional Programming Tools},
  author       = {Lionel Henry and Hadley Wickham},
  year         = 2020,
  url          = {https://CRAN.R-project.org/package=purrr},
  note         = {R package version 0.3.4},
}
@article{R-Rcpp_a,
  title        = {{Rcpp}: Seamless {R} and {C++} Integration},
  author       = {Dirk Eddelbuettel and Romain Fran\c{c}ois},
  year         = 2011,
  journal      = {Journal of Statistical Software},
  volume       = 40,
  number       = 8,
  pages        = {1--18},
  doi          = {10.18637/jss.v040.i08},
  url          = {http://www.jstatsoft.org/v40/i08/},
}
@article{R-Rcpp_b,
  title        = {{Extending  extit{R} with   extit{C++}: A Brief Introduction to   extit{Rcpp}}},
  author       = {Dirk Eddelbuettel and James Joseph Balamuta},
  year         = 2017,
  month        = aug,
  journal      = {PeerJ Preprints},
  volume       = 5,
  pages        = {e3188v1},
  doi          = {10.7287/peerj.preprints.3188v1},
  issn         = {2167-9843},
  url          = {https://doi.org/10.7287/peerj.preprints.3188v1},
}
@manual{R-readr,
  title        = {readr: Read Rectangular Text Data},
  author       = {Hadley Wickham and Jim Hester},
  year         = 2020,
  url          = {https://CRAN.R-project.org/package=readr},
  note         = {R package version 1.4.0},
}
@manual{R-stringr,
  title        = {stringr: Simple, Consistent Wrappers for Common String Operations},
  author       = {Hadley Wickham},
  year         = 2019,
  url          = {https://CRAN.R-project.org/package=stringr},
  note         = {R package version 1.4.0},
}
@manual{R-tibble,
  title        = {tibble: Simple Data Frames},
  author       = {Kirill Müller and Hadley Wickham},
  year         = 2020,
  url          = {https://CRAN.R-project.org/package=tibble},
  note         = {R package version 3.0.4},
}
@manual{R-tidyr,
  title        = {tidyr: Tidy Messy Data},
  author       = {Hadley Wickham},
  year         = 2020,
  url          = {https://CRAN.R-project.org/package=tidyr},
  note         = {R package version 1.1.2},
}
@article{R-tidyverse,
  title        = {Welcome to the {tidyverse}},
  author       = {Hadley Wickham and Mara Averick and Jennifer Bryan and Winston Chang and Lucy D'Agostino McGowan and Romain François and Garrett Grolemund and Alex Hayes and Lionel Henry and Jim Hester and Max Kuhn and Thomas Lin Pedersen and Evan Miller and Stephan Milton Bache and Kirill Müller and Jeroen Ooms and David Robinson and Dana Paige Seidel and Vitalie Spinu and Kohske Takahashi and Davis Vaughan and Claus Wilke and Kara Woo and Hiroaki Yutani},
  year         = 2019,
  journal      = {Journal of Open Source Software},
  volume       = 4,
  number       = 43,
  pages        = 1686,
  doi          = {10.21105/joss.01686},
}
@manual{R-tinylabels,
  title        = {tinylabels: Lightweight Variable Labels},
  author       = {Marius Barth},
  year         = 2020,
  url          = {https://CRAN.R-project.org/package=tinylabels},
  note         = {R package version 0.1.0},
}

