@misc{aczel2021,
  title        = {Guidance for Multi-Analyst Studies},
  author       = {Aczel, Balazs and Szaszi, Barnabas and Nilsonne, Gustav and Van den Akker, Olmo and Albers, Casper J and van Assen, Marcel A L M and Bastiaansen, Jojanneke A and Benjamin, Daniel J and Boehm, Udo and Botvinik-Nezer, Rotem and et al.},
  year         = 2021,
  doi          = {10.31222/osf.io/5ecnh},
}
@article {Buzbas2022,
	author = {Buzbas, Erkan O. and Devezer, Berna and Baumgaertner, Bert},
	title = {The logical structure of experiments lays the foundation for a theory of reproducibility},
	elocation-id = {2022.08.10.503444},
	year = {2022},
	doi = {10.1101/2022.08.10.503444},
	publisher = {Cold Spring Harbor Laboratory},
	URL = {https://www.biorxiv.org/content/early/2022/08/12/2022.08.10.503444},
	eprint = {https://www.biorxiv.org/content/early/2022/08/12/2022.08.10.503444.full.pdf},
	journal = {bioRxiv}
}

@book{kamphaus2019clinical,
  title={Clinical assessment of child and adolescent intelligence},
  author={Kamphaus, Randy W},
  year={2019},
  publisher={Springer}
}

@article{arts2011overspecification,
  title        = {Overspecification in written instruction},
  author       = {Arts, Anja and Maes, Alfons and Noordman, Leo GM and Jansen, Carel},
  year         = 2011,
  journal      = {Linguistics},
  publisher    = {De Gruyter Mouton},
  volume       = 49,
  number       = 3,
  pages        = {555--574},
}
@article{auspurg2021has,
  title        = {Has the Credibility of the Social Sciences Been Credibly Destroyed? Reanalyzing the “Many Analysts, One Data Set” Project},
  author       = {Auspurg, Katrin and Br{\"u}derl, Josef},
  year         = 2021,
  journal      = {Socius},
  publisher    = {SAGE Publications Sage CA: Los Angeles, CA},
  volume       = 7,
  pages        = 23780231211024421,
}
@article{barreda2021,
  title        = {Fast {T}rack: fast (nearly) automatic formant-tracking using {P}raat},
  author       = {Santiago Barreda},
  year         = 2021,
  journal      = {Linguistics Vanguard},
  volume       = 7,
  number       = 1,
  doi          = {doi:10.1515/lingvan-2020-0051},
  url          = {https://doi.org/10.1515/lingvan-2020-0051},
}
@misc{baselga2020,
  title        = {{b}etapart: Partitioning Beta Diversity into Turnover and Nestedness Components},
  author       = {Andres Baselga and David Orme and Sebastien Villeger and Julien {De Bortoli} and Fabien Leprieur and Maxime Logez},
  year         = 2020,
  url          = {https://CRAN.R-project.org/package=betapart},
  note         = {R package version 1.5.2},
}
@article{bastiaansen2020,
  title        = {Time to get personal? The impact of researchers choices on the selection of treatment targets using the experience sampling methodology},
  author       = {Bastiaansen, Jojanneke A. and Kunkels, Yoram K. and Blaauw, Frank J. and Boker, Steven M. and Ceulemans, Eva and Chen, Meng and Chow, Sy-Miin and de Jonge, Peter and Emerencia, Ando C. and Epskamp, Sacha and others},
  year         = 2020,
  journal      = {Journal of Psychosomatic Research},
  volume       = 137,
  pages        = 110211,
}
@article{benjamini1995controlling,
  title        = {Controlling the false discovery rate: a practical and powerful approach to multiple testing},
  author       = {Benjamini, Yoav and Hochberg, Yosef},
  year         = 1995,
  journal      = {Journal of the Royal statistical society: series B (Methodological)},
  publisher    = {Wiley Online Library},
  volume       = 57,
  number       = 1,
  pages        = {289--300},
}
@software{boersma2021praat,
  title        = {Praat: doing phonetics by computer [computer program](2011)},
  author       = {Boersma, Paul and Weenink, David},
  year         = 2021,
  version      = {6.1.24},
}
@article{botvinik-nezer2020,
  title        = {Variability in the analysis of a single neuroimaging dataset by many teams},
  author       = {Botvinik-Nezer, Rotem and Holzmeister, Felix and Camerer, Colin F. and Dreber, Anna and Huber, Juergen and Johannesson, Magnus and Kirchler, Michael and Iwanir, Roni and Mumford, Jeanette A. and Adcock, R. Alison and others},
  year         = 2020,
  journal      = {Nature},
  volume       = 582,
  number       = 7810,
  pages        = {84--88},
}
@article{box1976science,
  title        = {Science and statistics},
  author       = {Box, George EP},
  year         = 1976,
  journal      = {Journal of the American Statistical Association},
  publisher    = {Taylor \& Francis},
  volume       = 71,
  number       = 356,
  pages        = {791--799},
}
@article{breznau2021observing,
  title        = {Observing many researchers using the same data and hypothesis reveals a hidden universe of uncertainty},
  author       = {Breznau, Nate and Rinke, Eike Mark and Wuttke, Alexander and Adem, Muna and Adriaans, Jule and Alvarez-Benjumea, Amalia and Andersen, Henrik Kenneth and Auer, Daniel and Azevedo, Flavio and Bahnsen, Oke and others},
  year         = 2021,
  publisher    = {MetaArXiv},
  doi          = {10.31222/osf.io/cd5j9}
}
@article{brms,
  title        = {Advanced {Bayesian} Multilevel Modeling with the {R} Package {brms}},
  author       = {Paul-Christian B\"{u}rkner},
  year         = 2018,
  journal      = {The R Journal},
  volume       = 10,
  number       = 1,
  pages        = {395--411},
  doi          = {10.32614/RJ-2018-017},
  encoding     = {UTF-8},
}
@article{brugger2001,
  title        = {From haunted brain to haunted science: A cognitive neuroscience view of paranormal and pseudoscientific thought},
  author       = {Brugger, Peter},
  year         = 2001,
  journal      = {Hauntings and Poltergeists: Multidisciplinary Perspectives},
  pages        = {195--213},
}
@article{burkner2017,
  title        = {{brms}: An {R} Package for {Bayesian} Multilevel Models Using {Stan}},
  author       = {Paul-Christian B\"{u}rkner},
  year         = 2017,
  journal      = {Journal of Statistical Software},
  volume       = 80,
  number       = 1,
  pages        = {1--28},
  doi          = {10.18637/jss.v080.i01},
  encoding     = {UTF-8},
}
@article{camerer2018evaluating,
  title        = {Evaluating the replicability of social science experiments in Nature and Science between 2010 and 2015},
  author       = {Camerer, Colin F and Dreber, Anna and Holzmeister, Felix and Ho, Teck-Hua and Huber, J{\"u}rgen and Johannesson, Magnus and Kirchler, Michael and Nave, Gideon and Nosek, Brian A and Pfeiffer, Thomas and others},
  year         = 2018,
  journal      = {Nature Human Behaviour},
  publisher    = {Nature Publishing Group},
  volume       = 2,
  number       = 9,
  pages        = {637--644},
  doi          = {10.1038/s41562-018-0399-z},
}
@article{carp2012plurality,
  title        = {On the plurality of (methodological) worlds: estimating the analytic flexibility of FMRI experiments},
  author       = {Carp, Joshua},
  year         = 2012,
  journal      = {Frontiers in neuroscience},
  publisher    = {Frontiers},
  volume       = 6,
  pages        = 149,
}
@article{charles2019,
  title        = {Researcher degrees of freedom in the psychology of religion},
  author       = {Charles, Sarah J. and Bartlett, James E. and Messick, Kyle J. and Coleman, Thomas J. and Uzdavines, Alex},
  year         = 2019,
  journal      = {The International Journal for the Psychology of Religion},
  volume       = 29,
  number       = 4,
  pages        = {230--245},
}
@article{mucke2014effect,
  title={The effect of focus marking on supralaryngeal articulation--Is it mediated by accentuation?},
  author={M{\"u}cke, Doris and Grice, Martine},
  journal={Journal of Phonetics},
  volume={44},
  pages={47--61},
  year={2014},
  publisher={Elsevier}
}
@article{coretta2019,
  title        = {An exploratory study of voicing-related differences in vowel duration as compensatory temporal adjustment in {I}talian and {P}olish},
  author       = {Coretta, Stefano},
  year         = 2019,
  journal      = {Glossa: a journal of general linguistics},
  volume       = 4,
  number       = 1,
  pages        = {1--25},
}
@article{darwin2020,
  title        = {Researcher Positionality: {A} Consideration of Its Influence and Place in Qualitative Research---{A} New Researcher Guide},
  author       = {Darwin Holmes, Andrew Gary},
  year         = 2020,
  journal      = {Shanlax International Journal of Education},
  volume       = 8,
  number       = 4,
  pages        = {1--10},
  doi          = {10.34293/education.v8i4.3232},
  groups       = {Hodotics},
}
@book{de2014thought,
  title        = {Thought and choice in chess},
  author       = {De Groot, Adriaan D},
  year         = 2014,
  publisher    = {Walter de Gruyter GmbH \& Co KG},
  volume       = 4,
}
@article{degen2020redundancy,
  title        = {When redundancy is useful: A Bayesian approach to ``overinformative'' referring expressions.},
  author       = {Degen, Judith and Hawkins, Robert D and Graf, Caroline and Kreiss, Elisa and Goodman, Noah D},
  year         = 2020,
  journal      = {Psychological Review},
  publisher    = {American Psychological Association},
}
@article{devezer2021case,
  title        = {The case for formal methodology in scientific reform},
  author       = {Devezer, Berna and Navarro, Danielle J and Vandekerckhove, Joachim and Ozge Buzbas, Erkan},
  year         = 2021,
  journal      = {Royal Society open science},
  publisher    = {The Royal Society},
  volume       = 8,
  number       = 3,
  pages        = 200805,
}
@article{dice1945,
  title        = {Measures of the Amount of Ecologic Association Between Species},
  author       = {Dice, Lee Raymond},
  year         = 1945,
  journal      = {Ecology},
  volume       = 26,
  number       = 3,
  pages        = {297--302},
}
@inproceedings{dimitrova2008prosodic,
  title        = {Prosodic correlates of linguistic and extra-linguistic information in Dutch},
  author       = {Dimitrova, Diana Valentinova and Redeker, Gisela and Egg, Markus and Hoeks, John CJ},
  year         = 2008,
  booktitle    = {Proceedings of the 30th Annual Meeting of the Cognitive Science Society},
  pages        = {2191--2196},
  organization = {Cognitive Science Society},
}
@inproceedings{dimitrova2009did,
  title        = {Did you say a BLUE banana? The prosody of contrast and abnormality in Bulgarian and Dutch},
  author       = {Dimitrova, Diana V and Redeker, Gisela and Hoeks, John CJ},
  year         = 2009,
  booktitle    = {Proceedings of Tenth Annual Conference of the International Speech Communication Association},
  pages        = {999--1002},
}
@article{dubin1970theory,
  title        = {Theory building},
  author       = {Dubin, Robert},
  year         = 1970,
  journal      = {Philosophy and phenomenological research},
  volume       = 31,
  number       = 2,
}
@article{dutilh2019,
  title        = {The quality of response time data inference: A blinded, collaborative assessment of the validity of cognitive models},
  author       = {Dutilh, Gilles and Annis, Jeffrey and Brown, Scott D. and Cassey, Peter and Evans, Nathan J. and Grasman, Raoul and Hawkins, Guy E. and Heathcote, Andrew and Holmes, William R. and Krypotos, Angelos-Miltiadis and others},
  year         = 2019,
  journal      = {Psychonomic Bulletin \& Review},
  volume       = 26,
  number       = 4,
  pages        = {1051--1069},
}
@article{egger1997,
  title        = {Bias in meta-analysis detected by a simple, graphical test},
  author       = {Egger, Matthias and Smith, George Davey and Schneider, Martin and Minder, Christoph},
  year         = 1997,
  journal      = {British Medical Journal},
  volume       = 315,
  pages        = {629--634},
}
@article{fidler2018reproducibility,
  title        = {Reproducibility of scientific results},
  author       = {Fidler, Fiona and Wilcox, John},
  year         = 2018,
  booktitle    = {The Stanford Encyclopedia of Philosophy (Winter 2018 Edition)},
  url          = {https://plato.stanford.edu/archives/win2018/entries/scientific-reproducibility/},
  editor       = {Edward N. Zalta},
}
@article{fischhoff1975hindsight,
  title        = {Hindsight is not equal to foresight: The effect of outcome knowledge on judgment under uncertainty.},
  author       = {Fischhoff, Baruch},
  year         = 1975,
  journal      = {Journal of Experimental Psychology: Human perception and performance},
  publisher    = {American Psychological Association},
  volume       = 1,
  number       = 3,
  pages        = 288,
}
@misc{flake2019,
  title        = {Measurement schmeasurement: Questionable measurement practices and how to avoid them},
  author       = {Flake, Jessica Kay and Fried, Eiko I.},
  year         = 2019,
  howpublished = {Pre-print available at PsyArXiv},
}
@article{flake2020,
  title        = {Measurement Schmeasurement: Questionable Measurement Practices and How to Avoid Them},
  author       = {Jessica Kay Flake and Eiko I. Fried},
  year         = 2020,
  journal      = {Advances in Methods and Practices in Psychological Science},
  volume       = 3,
  number       = 4,
  pages        = {456--465},
  doi          = {10.1177/2515245920952393},
}
@article{foulkes2006,
  title        = {The social life of phonetics and phonology},
  author       = {Foulkes, Paul and Docherty, Gerard},
  year         = 2006,
  journal      = {Journal of Phonetics},
  volume       = 34,
  number       = 4,
  pages        = {409--438},
}
@article{fox2021open,
  title        = {Open science, closed doors? {C}ountering marginalization through an agenda for ethical, inclusive research in communication},
  author       = {Fox, Jesse and Pearce, Katy E and Massanari, Adrienne L and Riles, Julius Matthew and Szulc, {\L}ukasz and Ranjit, Yerina S and Trevisan, Filippo and Soriano, Cheryll Ruth R and Vitak, Jessica and Arora, Payal and others},
  year         = 2021,
  journal      = {Journal of Communication},
  publisher    = {Oxford University Press},
  volume       = 71,
  number       = 5,
  pages        = {764--784},
}
@inproceedings{gatt2013we,
  title        = {Are we Bayesian referring expression generators},
  author       = {Gatt, Albert and van Gompel, Roger PG and van Deemter, Kees and Krahmer, Emiel},
  year         = 2013,
  booktitle    = {Proceedings of the {CogSci} workshop on the production of referring expressions},
  pages        = {1--6},
}
@article{Gelman_2017,
  title        = {The Prior Can Often Only Be Understood in the Context of the Likelihood},
  author       = {Gelman, Andrew and Simpson, Daniel and Betancourt, Michael},
  year         = 2017,
  journal      = {Entropy},
  publisher    = {MDPI AG},
  volume       = 19,
  number       = 10,
  pages        = {1--13},
  doi          = {10.3390/e19100555},
  issn         = {1099-4300},
  url          = {http://dx.doi.org/10.3390/e19100555},
}
@book{gelman2006data,
  title        = {Data analysis using regression and multilevel/hierarchical models},
  author       = {Gelman, Andrew and Hill, Jennifer},
  year         = 2006,
  publisher    = {Cambridge university press},
}
@article{gelman2013garden,
  title        = {The garden of forking paths: Why multiple comparisons can be a problem, even when there is no ``fishing expedition'' or ``p-hacking'' and the research hypothesis was posited ahead of time},
  author       = {Gelman, Andrew and Loken, Eric},
  year         = 2013,
  journal      = {Department of Statistics, Columbia University},
}
@article{gelman2014statistical,
  title        = {The statistical crisis in science: data-dependent analysis--a" garden of forking paths"--explains why many statistically significant comparisons don't hold up},
  author       = {Gelman, Andrew and Loken, Eric},
  year         = 2014,
  journal      = {American scientist},
  volume       = 102,
  number       = 6,
  pages        = {460--466},
}
@article{gordon2017acoustic,
  title        = {Acoustic correlates of word stress: A cross-linguistic survey},
  author       = {Gordon, Matthew and Roettger, Timo},
  year         = 2017,
  journal      = {Linguistics Vanguard},
  publisher    = {De Gruyter Mouton},
  volume       = 3,
  number       = 1,
  pages        = {1--11},
}
@incollection{grice1975logic,
  title        = {Logic and conversation},
  author       = {Grice, Herbert P},
  year         = 1975,
  booktitle    = {Speech acts},
  publisher    = {Brill},
  pages        = {41--58},
}
@article{grice2017integrating,
  title        = {Integrating the discreteness and continuity of intonational categories},
  author       = {Grice, Martine and Ritter, Simon and Niemann, Henrik and Roettger, Timo B},
  year         = 2017,
  journal      = {Journal of Phonetics},
  publisher    = {Elsevier},
  volume       = 64,
  pages        = {90--107},
}
@article{guest2021computational,
  title        = {How computational modeling can force theory building in psychological science},
  author       = {Guest, Olivia and Martin, Andrea E},
  year         = 2021,
  journal      = {Perspectives on Psychological Science},
  publisher    = {Sage Publications Sage CA: Los Angeles, CA},
  volume       = 16,
  number       = 4,
  pages        = {789--802},
}
@article{harder2020multiverse,
  title        = {The multiverse of methods: Extending the multiverse analysis to address data-collection decisions},
  author       = {Harder, Jenna A},
  year         = 2020,
  journal      = {Perspectives on Psychological Science},
  publisher    = {Sage Publications Sage CA: Los Angeles, CA},
  volume       = 15,
  number       = 5,
  pages        = {1158--1177},
}
@article{hawkins2004influence,
  title        = {Influence of syllable-coda voicing on the acoustic properties of syllable-onset /l/ in {E}nglish},
  author       = {Hawkins, Sarah and Nguyen, No{\"e}l},
  year         = 2004,
  journal      = {Journal of Phonetics},
  publisher    = {Elsevier},
  volume       = 32,
  number       = 2,
  pages        = {199--231},
}
@incollection{heuven2002,
  title        = {Temporal distribution of interrogativity markers in {D}utch: A perceptual study},
  author       = {Van Heuven, Vincent J and Haan, Judith and Gussenhoven, Carlos and Warner, Natasha},
  year         = 2002,
  booktitle    = {Laboratory Phonology},
  publisher    = {Walter de Gruyter},
  volume       = 7,
  pages        = {61--86},
}
@article{hurlbert1984pseudoreplication,
  title        = {Pseudoreplication and the design of ecological field experiments},
  author       = {Hurlbert, Stuart H},
  year         = 1984,
  journal      = {Ecological monographs},
  publisher    = {Wiley Online Library},
  volume       = 54,
  number       = 2,
  pages        = {187--211},
}
@article{jafar2018,
  title        = {What is positionality and should it be expressed in quantitative studies?},
  author       = {Jafar, Anisa J. N.},
  year         = 2018,
  journal      = {Emergency Medicine Journal},
  doi          = {10.1136/emermed-2017-207158},
  groups       = {Hodotics},
}
@article{john2012measuring,
  title        = {Measuring the prevalence of questionable research practices with incentives for truth telling},
  author       = {John, Leslie K and Loewenstein, George and Prelec, Drazen},
  year         = 2012,
  journal      = {Psychological science},
  publisher    = {Sage Publications Sage CA: Los Angeles, CA},
  volume       = 23,
  number       = 5,
  pages        = {524--532},
}
@article{jongman2000acoustic,
  title        = {Acoustic characteristics of English fricatives},
  author       = {Jongman, Allard and Wayland, Ratree and Wong, Serena},
  year         = 2000,
  journal      = {The Journal of the Acoustical Society of America},
  publisher    = {Acoustical Society of America},
  volume       = 108,
  number       = 3,
  pages        = {1252--1263},
}
@article{kerr1998harking,
  title        = {HARKing: Hypothesizing after the results are known},
  author       = {Kerr, Norbert L},
  year         = 1998,
  journal      = {Personality and social psychology review},
  publisher    = {Sage Publications Sage CA: Los Angeles, CA},
  volume       = 2,
  number       = 3,
  pages        = {196--217},
}
@article{klein2018practical,
  title        = {A practical guide for transparency in psychological science},
  author       = {Klein, Olivier and Hardwicke, Tom E and Aust, Frederik and Breuer, Johannes and Danielsson, Henrik and Mohr, Alicia Hofelich and IJzerman, Hans and Nilsonne, Gustav and Vanpaemel, Wolf and Frank, Michael C and others},
  year         = 2018,
  journal      = {Collabra: Psychology},
  publisher    = {University of California Press},
  volume       = 4,
  number       = 1,
}
@book{knight2000,
  title        = {Mathematical Statistics},
  author       = {Knight, K},
  year         = 2000,
  publisher    = {Chapman and Hall, New York},
}
@article{koole2012rewarding,
  title        = {Rewarding replications: A sure and simple way to improve psychological science},
  author       = {Koole, Sander L and Lakens, Dani{\"e}l},
  year         = 2012,
  journal      = {Perspectives on Psychological Science},
  publisher    = {Sage Publications Sage CA: Los Angeles, CA},
  volume       = 7,
  number       = 6,
  pages        = {608--614},
}
@book{ladd2008intonational,
  title        = {Intonational phonology},
  author       = {Ladd, D Robert},
  year         = 2008,
  publisher    = {Cambridge University Press},
}
@article{landy2020crowdsourcing,
  title        = {Crowdsourcing hypothesis tests: Making transparent how design choices shape research results.},
  author       = {Landy, Justin F and Jia, Miaolei Liam and Ding, Isabel L and Viganola, Domenico and Tierney, Warren and Dreber, Anna and Johannesson, Magnus and Pfeiffer, Thomas and Ebersole, Charles R and Gronau, Quentin F and others},
  year         = 2020,
  journal      = {Psychological Bulletin},
  publisher    = {American Psychological Association},
  volume       = 146,
  number       = 5,
  pages        = 451,
}
@article{lau2006,
  title        = {The case of the misleading funnel plot},
  author       = {Lau, Joseph and Ioannidis, John P. A. and Terrin, Norma and Schmid, Christopher H. and Olkin, Ingram},
  year         = 2006,
  journal      = {British Medical Journal},
  volume       = 333,
  number       = 7568,
  pages        = {597--600},
}
@article{lebel2018unified,
  title        = {A unified framework to quantify the credibility of scientific findings},
  author       = {LeBel, Etienne P and McCarthy, Randy J and Earp, Brian D and Elson, Malte and Vanpaemel, Wolf},
  year         = 2018,
  journal      = {Advances in Methods and Practices in Psychological Science},
  publisher    = {Sage Publications Sage CA: Los Angeles, CA},
  volume       = 1,
  number       = 3,
  pages        = {389--402},
}
@book{light1984,
  title        = {Summing up; The science of reviewing research},
  author       = {Light, Richard J. and Pillemer, David B.},
  year         = 1984,
  publisher    = {Cambridge, MA (USA) Harvard Univ. Press},
}
@article{lisker1977rapid,
  title        = {Rapid versus rabid: A catalogue of acoustic features that may cue the distinction},
  author       = {Lisker, Leigh},
  year         = 1977,
  journal      = {The Journal of the Acoustical Society of America},
  publisher    = {Acoustical Society of America},
  volume       = 62,
  number       = {S1},
  pages        = {S77--S78},
}
@article{lisker1986voicing,
  title        = {``Voicing'' in {E}nglish: A catalogue of acoustic features signaling /b/ versus /p/ in trochees},
  author       = {Lisker, Leigh},
  year         = 1986,
  journal      = {Language and speech},
  publisher    = {SAGE Publications Sage UK: London, England},
  volume       = 29,
  number       = 1,
  pages        = {3--11},
}
@inproceedings{mcauliffe2017,
  title        = {{Montreal Forced Aligner: Trainable Text-Speech Alignment Using Kaldi}},
  author       = {McAuliffe, Michael and Socolof, Michaela and Mihuc, Sarah and Wagner, Michael and Sonderegger, Morgan},
  year         = 2017,
  booktitle    = {Proc. Interspeech 2017},
  pages        = {498--502},
  doi          = {10.21437/Interspeech.2017-1386},
}
@book{mcelreath2020,
  title        = {Statistical rethinking: {A} Bayesian course with examples in {R} and {S}tan},
  author       = {McElreath, Richard},
  year         = 2020,
  publisher    = {Chapman and Hall/CRC},
}
@article{meehl1990summaries,
  title        = {Why summaries of research on psychological theories are often uninterpretable},
  author       = {Meehl, Paul E},
  year         = 1990,
  journal      = {Psychological reports},
  publisher    = {SAGE Publications Sage CA: Los Angeles, CA},
  volume       = 66,
  number       = 1,
  pages        = {195--244},
}
@article{miguel2014promoting,
  title        = {Promoting transparency in social science research},
  author       = {Miguel, Edward and Camerer, Colin and Casey, Katherine and Cohen, Joshua and Esterling, Kevin M and Gerber, Alan and Glennerster, Rachel and Green, Don P and Humphreys, Macartan and Imbens, Guido and others},
  year         = 2014,
  journal      = {Science},
  publisher    = {American Association for the Advancement of Science},
  volume       = 343,
  number       = 6166,
  pages        = {30--31},
}
@article{munafo2017manifesto,
  title        = {A manifesto for reproducible science},
  author       = {Munaf{\`o}, Marcus R and Nosek, Brian A and Bishop, Dorothy VM and Button, Katherine S and Chambers, Christopher D and Percie du Sert, Nathalie and Simonsohn, Uri and Wagenmakers, Eric-Jan and Ware, Jennifer J and Ioannidis, John},
  year         = 2017,
  journal      = {Nature human behaviour},
  publisher    = {Nature Publishing Group},
  volume       = 1,
  number       = 1,
  pages        = {1--9},
}
@article{nicenboim2018using,
  title        = {Using meta-analysis for evidence synthesis: The case of incomplete neutralization in German},
  author       = {Nicenboim, Bruno and Roettger, Timo B and Vasishth, Shravan},
  year         = 2018,
  journal      = {Journal of Phonetics},
  publisher    = {Elsevier},
  volume       = 70,
  pages        = {39--55},
}
@article{nickerson1998confirmation,
  title        = {Confirmation bias: A ubiquitous phenomenon in many guises},
  author       = {Nickerson, Raymond S},
  year         = 1998,
  journal      = {Review of general psychology},
  publisher    = {SAGE Publications Sage CA: Los Angeles, CA},
  volume       = 2,
  number       = 2,
  pages        = {175--220},
}
@inproceedings{niebuhr2011,
  title        = {Are There ``Shapers'' and ``Aligners''? Individual Differences in Signalling Pitch Accent Category.},
  author       = {Niebuhr, Oliver and d'Imperio, Mariapaola and Fivela, Barbara Gili and Cangemi, Francesco},
  year         = 2011,
  booktitle    = {Proceedings of the 17th International Congress of Phonetic Sciences},
  pages        = {120--123},
}
@article{nosek2014method,
  title        = {A method to increase the credibility of published results},
  author       = {Nosek, Brian A and Lakens, Dani{\"e}l},
  year         = 2014,
  journal      = {Social Psychology},
  volume       = 45,
  number       = 3,
  pages        = {137--141},
}
@phdthesis{nowak2006,
  title        = {Vowel reduction in {P}olish},
  author       = {Nowak, Pawel},
  year         = 2006,
  institution  = {Berkeley, CA: University of California, Berkeley},
}
@article{ogden2004,
  title        = {Non-modal voice quality and turn-taking in {F}innish},
  author       = {Richard Ogden},
  year         = 2004,
  journal      = {Sound patterns in interaction: cross-linguistic studies from conversation},
  pages        = {29--62},
}
@article{open2015estimating,
  title        = {Estimating the reproducibility of psychological science},
  author       = {Open Science Collaboration},
  year         = 2015,
  journal      = {Science},
  publisher    = {American Association for the Advancement of Science},
  volume       = 349,
  number       = 6251,
  doi          = {10.1126/science.aac4716},
}
@article{parola2022speech,
  title={Speech disturbances in schizophrenia: assessing cross-linguistic generalizability of NLP automated measures of coherence},
  author={Parola, Alberto and Lin, Jessica Mary and Simonsen, Arndis and Bliksted, Vibeke and Zhou, Yuan and Wang, Huiling and Inoue, Lana and Koelkebeck, Katja and Fusaroli, Riccardo},
  journal={Schizophrenia Research},
  year={2022},
  publisher={Elsevier}
}
@article{cummins2015review,
  title={A review of depression and suicide risk assessment using speech analysis},
  author={Cummins, Nicholas and Scherer, Stefan and Krajewski, Jarek and Schnieder, Sebastian and Epps, Julien and Quatieri, Thomas F},
  journal={Speech communication},
  volume={71},
  pages={10--49},
  year={2015},
  publisher={Elsevier}
}

@inproceedings{pan2001semantic,
  title        = {Semantic abnormality and its realization in spoken language},
  author       = {Pan, Shimei and McKeown, Kathleen and Hirschberg, Julia},
  year         = 2001,
  booktitle    = {Proceedings of the Seventh European Conference on Speech Communication and Technology},
}
@article{paraboni2007generating,
  title        = {Generating referring expressions: Making referents easy to identify},
  author       = {Paraboni, Ivandr{\'e} and Van Deemter, Kees and Masthoff, Judith},
  year         = 2007,
  journal      = {Computational linguistics},
  publisher    = {MIT Press},
  volume       = 33,
  number       = 2,
  pages        = {229--254},
}
@article{Parker2020,
  title        = {{Same data, different analysts: variation in effect sizes due to analytical decisions in ecology and evolutionary biology [passed peer   review and granted in-principle acceptance March 2020]}},
  author       = {Timothy Parker and Hannah Fraser and Shinichi Nakagawa and Elise Bethany Gould and Simon Griffith and Peter Vesk and Fiona Fidler},
  year         = 2020,
  journal      = {BMC Biology},
  doi          = {10.6084/m9.figshare.12034833.v1},
}
@article{port2005against,
  title        = {Against formal phonology},
  author       = {Port, Robert F and Leary, Adam P},
  year         = 2005,
  journal      = {Language},
  publisher    = {Linguistic Society of America},
  volume       = 81,
  number       = 4,
  pages        = {927--964},
}
@manual{R-base,
  title        = {R: A Language and Environment for Statistical Computing},
  author       = {{R Core Team}},
  year         = 2020,
  address      = {Vienna, Austria},
  url          = {https://www.R-project.org/},
  organization = {R Foundation for Statistical Computing},
}
@article{R-brms_a,
  title        = {{brms}: An {R} Package for {Bayesian} Multilevel Models Using {Stan}},
  author       = {Paul-Christian B\"{u}rkner},
  year         = 2017,
  journal      = {Journal of Statistical Software},
  volume       = 80,
  number       = 1,
  pages        = {1--28},
  doi          = {10.18637/jss.v080.i01},
  encoding     = {UTF-8},
}
@article{R-brms_b,
  title        = {Advanced {Bayesian} Multilevel Modeling with the {R} Package {brms}},
  author       = {Paul-Christian B\"{u}rkner},
  year         = 2018,
  journal      = {The R Journal},
  volume       = 10,
  number       = 1,
  pages        = {395--411},
  doi          = {10.32614/RJ-2018-017},
  encoding     = {UTF-8},
}
@manual{R-dplyr,
  title        = {dplyr: A Grammar of Data Manipulation},
  author       = {Hadley Wickham and Romain Fran\c{c}ois and Lionel { Henry} and Kirill M\"{u}ller},
  year         = 2020,
  url          = {https://CRAN.R-project.org/package=dplyr},
  note         = {R package version 1.0.2},
}
@manual{R-extraDistr,
  title        = {extraDistr: Additional Univariate and Multivariate Distributions},
  author       = {Tymoteusz Wolodzko},
  year         = 2020,
  url          = {https://CRAN.R-project.org/package=extraDistr},
  note         = {R package version 1.9.1},
}
@manual{R-forcats,
  title        = {forcats: Tools for Working with Categorical Variables (Factors)},
  author       = {Hadley Wickham},
  year         = 2020,
  url          = {https://CRAN.R-project.org/package=forcats},
  note         = {R package version 0.5.0},
}
@book{R-ggplot2,
  title        = {ggplot2: Elegant Graphics for Data Analysis},
  author       = {Hadley Wickham},
  year         = 2016,
  publisher    = {Springer-Verlag New York},
  isbn         = {978-3-319-24277-4},
  url          = {https://ggplot2.tidyverse.org},
}
@book{R-knitr,
  title        = {Dynamic Documents with {R} and knitr},
  author       = {Yihui Xie},
  year         = 2015,
  publisher    = {Chapman and Hall/CRC},
  address      = {Boca Raton, Florida},
  url          = {https://yihui.org/knitr/},
  note         = {ISBN 978-1498716963},
  edition      = {2nd},
}
@manual{R-papaja,
  title        = {{papaja}: {Create} {APA} manuscripts with {R Markdown}},
  author       = {Frederik Aust and Marius Barth},
  year         = 2020,
  url          = {https://github.com/crsh/papaja},
  note         = {R package version 0.1.0.9997},
}
@manual{R-patchwork,
  title        = {patchwork: The Composer of Plots},
  author       = {Thomas Lin Pedersen},
  year         = 2020,
  url          = {https://CRAN.R-project.org/package=patchwork},
  note         = {R package version 1.1.1},
}
@manual{R-purrr,
  title        = {purrr: Functional Programming Tools},
  author       = {Lionel Henry and Hadley Wickham},
  year         = 2020,
  url          = {https://CRAN.R-project.org/package=purrr},
  note         = {R package version 0.3.4},
}
@article{R-Rcpp_a,
  title        = {{Rcpp}: Seamless {R} and {C++} Integration},
  author       = {Dirk Eddelbuettel and Romain Fran\c{c}ois},
  year         = 2011,
  journal      = {Journal of Statistical Software},
  volume       = 40,
  number       = 8,
  pages        = {1--18},
  doi          = {10.18637/jss.v040.i08},
  url          = {http://www.jstatsoft.org/v40/i08/},
}
@article{R-Rcpp_b,
  title        = {{Extending  extit{R} with   extit{C++}: A Brief Introduction to extit{Rcpp}}},
  author       = {Dirk Eddelbuettel and James Joseph Balamuta},
  year         = 2017,
  journal      = {PeerJ Preprints},
  volume       = 5,
  pages        = {e3188v1},
  doi          = {10.7287/peerj.preprints.3188v1},
  issn         = {2167-9843},
  url          = {https://doi.org/10.7287/peerj.preprints.3188v1},
}
@manual{R-readr,
  title        = {readr: Read Rectangular Text Data},
  author       = {Hadley Wickham and Jim Hester},
  year         = 2020,
  url          = {https://CRAN.R-project.org/package=readr},
  note         = {R package version 1.4.0},
}
@manual{R-stringr,
  title        = {stringr: Simple, Consistent Wrappers for Common String Operations},
  author       = {Hadley Wickham},
  year         = 2019,
  url          = {https://CRAN.R-project.org/package=stringr},
  note         = {R package version 1.4.0},
}
@manual{R-tibble,
  title        = {tibble: Simple Data Frames},
  author       = {Kirill M\"{u}ller and Hadley Wickham},
  year         = 2020,
  url          = {https://CRAN.R-project.org/package=tibble},
  note         = {R package version 3.0.4},
}
@manual{R-tidyr,
  title        = {tidyr: Tidy Messy Data},
  author       = {Hadley Wickham},
  year         = 2020,
  url          = {https://CRAN.R-project.org/package=tidyr},
  note         = {R package version 1.1.2},
}
@article{R-tidyverse,
  title        = {Welcome to the {tidyverse}},
  author       = {Hadley Wickham and Mara Averick and Jennifer Bryan and Winston Chang and Lucy D'Agostino McGowan and Romain Fran\c{c}ois and Garrett Grolemund and Alex Hayes and Lionel Henry and Jim Hester and Max Kuhn and Thomas Lin Pedersen and Evan Miller and Stephan Milton Bache and Kirill M\"{u}ller and Jeroen Ooms and David Robinson and Dana Paige Seidel and Vitalie Spinu and Kohske Takahashi and Davis Vaughan and Claus Wilke and Kara Woo and Hiroaki Yutani},
  year         = 2019,
  journal      = {Journal of Open Source Software},
  volume       = 4,
  number       = 43,
  pages        = 1686,
  doi          = {10.21105/joss.01686},
}
@manual{R-tinylabels,
  title        = {tinylabels: Lightweight Variable Labels},
  author       = {Marius Barth},
  year         = 2020,
  url          = {https://CRAN.R-project.org/package=tinylabels},
  note         = {R package version 0.1.0},
}
@article{roettger2019emergent,
  title        = {Emergent data analysis in phonetic sciences: Towards pluralism and reproducibility},
  author       = {Roettger, Timo B and Winter, Bodo and Baayen, Harald},
  year         = 2019,
  journal      = {Journal of Phonetics},
  volume       = 73,
  pages        = {1--7},
}
@article{roettger2019researcher,
  title        = {Researcher degrees of freedom in phonetic research},
  author       = {Roettger, Timo B},
  year         = 2019,
  journal      = {Laboratory Phonology: Journal of the Association for Laboratory Phonology},
  publisher    = {Ubiquity Press},
  volume       = 10,
  number       = 1,
}
@article{rooth1992theory,
  title        = {A theory of focus interpretation},
  author       = {Rooth, Mats},
  year         = 1992,
  journal      = {Natural language semantics},
  publisher    = {Springer},
  volume       = 1,
  number       = 1,
  pages        = {75--116},
}
@article{rosenthal1979file,
  title        = {The file drawer problem and tolerance for null results.},
  author       = {Rosenthal, Robert},
  year         = 1979,
  journal      = {Psychological bulletin},
  publisher    = {American Psychological Association},
  volume       = 86,
  number       = 3,
  pages        = 638,
}
@article{rotello2015more,
  title        = {When more data steer us wrong: {R}eplications with the wrong dependent measure perpetuate erroneous conclusions},
  author       = {Rotello, Caren M and Heit, Evan and Dub{\'e}, Chad},
  year         = 2015,
  journal      = {Psychonomic Bulletin \& Review},
  publisher    = {Springer},
  volume       = 22,
  number       = 4,
  pages        = {944--954},
}
@article{rubio2016redundant,
  title        = {How redundant are redundant color adjectives? An efficiency-based analysis of color overspecification},
  author       = {Rubio-Fern{\'a}ndez, Paula},
  year         = 2016,
  journal      = {Frontiers in psychology},
  publisher    = {Frontiers},
  volume       = 7,
  pages        = 153,
}
@article{scheel2021hypothesis,
  title        = {Why hypothesis testers should spend less time testing hypotheses},
  author       = {Scheel, Anne M and Tiokhin, Leonid and Isager, Peder M and Lakens, Dani{\"e}l},
  year         = 2021,
  journal      = {Perspectives on Psychological Science},
  publisher    = {Sage Publications Sage CA: Los Angeles, CA},
  volume       = 16,
  number       = 4,
  pages        = {744--755},
}
@article{scheel2022most,
  title        = {Why most psychological research findings are not even wrong},
  author       = {Scheel, Anne M},
  year         = 2022,
  journal      = {Infant and Child Development},
  publisher    = {Wiley Online Library},
  volume       = 31,
  number       = 1,
  pages        = {e2295},
}
@article{schielzeth2009conclusions,
  title        = {Conclusions beyond support: overconfident estimates in mixed models},
  author       = {Schielzeth, Holger and Forstmeier, Wolfgang},
  year         = 2009,
  journal      = {Behavioral ecology},
  publisher    = {Oxford University Press},
  volume       = 20,
  number       = 2,
  pages        = {416--420},
}
@article{sedivy2003pragmatic,
  title        = {Pragmatic versus form-based accounts of referential contrast: Evidence for effects of informativity expectations},
  author       = {Sedivy, Julie C},
  year         = 2003,
  journal      = {Journal of psycholinguistic research},
  publisher    = {Springer},
  volume       = 32,
  number       = 1,
  pages        = {3--23},
}
@article{silberzahn2018many,
  title        = {Many analysts, one data set: Making transparent how variations in analytic choices affect results},
  author       = {Silberzahn, Raphael and Uhlmann, Eric Luis and Martin, Daniel P and Anselmi, Pasquale and Aust, Frederik and Awtrey, Eli and Bahn{\'\i}k, {\v{S}}t{\v{e}}p{\'a}n and Bai, Feng and Bannard, Colin and Bonnier, Evelina and others},
  year         = 2018,
  journal      = {Advances in Methods and Practices in Psychological Science},
  publisher    = {Sage Publications Sage CA: Los Angeles, CA},
  volume       = 1,
  number       = 3,
  pages        = {337--356},
}
@article{simmons2011false,
  title        = {False-positive psychology: Undisclosed flexibility in data collection and analysis allows presenting anything as significant},
  author       = {Simmons, Joseph P and Nelson, Leif D and Simonsohn, Uri},
  year         = 2011,
  journal      = {Psychological science},
  publisher    = {Sage Publications Sage CA: Los Angeles, CA},
  volume       = 22,
  number       = 11,
  pages        = {1359--1366},
}
@article{sorensen1948,
  title        = {A method of establishing groups of equal amplitude in plant sociology based on similarity of species and its application to analyses of the vegetation on {D}anish commons},
  author       = {S{\o}rensen, Thorlvald},
  year         = 1948,
  journal      = {Kongelige Danske Videnskabernes Selskab},
  volume       = 5,
  number       = 4,
  pages        = {1--34},
}
@misc{stan,
  title        = {Stan Modeling Language Users Guide and Reference Manual},
  author       = {Stan Development Team},
  year         = 2019,
  url          = {http://mc-stan.org},
  organization = {Stan Development Team},
  version      = {2.18.0},
}
@misc{stan2020a,
  title        = {{RStan}: the {R} interface to {Stan}},
  author       = {Stan Development Team},
  year         = 2020,
  url          = {http://mc-stan.org/},
  note         = {R package version 2.21.2},
}
@misc{stan2021,
  title        = {Stan Modeling Language Users Guide and Reference Manual, v2.26.0},
  author       = {Stan Development Team},
  year         = 2021,
  url          = {http://mc-stan.org/},
}
@article{starns2019assessing,
  title        = {Assessing theoretical conclusions with blinded inference to investigate a potential inference crisis},
  author       = {Starns, Jeffrey J. and Cataldo, Andrea M. and Rotello, Caren M. and Annis, Jeffrey and Aschenbrenner, Andrew and Br{\"o}der, Arndt and Cox, Gregory and Criss, Amy and Curl, Ryan A. and Dobbins, Ian G. and others},
  year         = 2019,
  journal      = {Advances in Methods and Practices in Psychological Science},
  volume       = 2,
  number       = 4,
  pages        = {335--349},
}
@article{steegen2016increasing,
  title        = {Increasing transparency through a multiverse analysis},
  author       = {Steegen, Sara and Tuerlinckx, Francis and Gelman, Andrew and Vanpaemel, Wolf},
  year         = 2016,
  journal      = {Perspectives on Psychological Science},
  publisher    = {Sage Publications Sage CA: Los Angeles, CA},
  volume       = 11,
  number       = 5,
  pages        = {702--712},
}
@article{sterling1959publication,
  title        = {Publication decisions and their possible effects on inferences drawn from tests of significance--or vice versa},
  author       = {Sterling, Theodore D},
  year         = 1959,
  journal      = {Journal of the American statistical association},
  publisher    = {Taylor \& Francis Group},
  volume       = 54,
  number       = 285,
  pages        = {30--34},
}
@incollection{sterne2005,
  title        = {The funnel plot},
  author       = {Sterne, Jonathan A. C. and Becker, Betsy Jane and Egger, Matthias},
  year         = 2005,
  booktitle    = {Publication bias in meta-analysis: Prevention, assessment and adjustments},
  publisher    = {Wiley Online Library},
  pages        = {75--98},
  chapter      = 5,
  editor       = {Hannah R. Rothstein and Alexander J. Sutton and Michael Borenstein},
}
@book{stevens2000,
  title        = {Acoustic phonetics},
  author       = {Stevens, Kenneth N.},
  year         = 2000,
  publisher    = {MIT press},
  volume       = 30,
  doi          = {10.1121/1.1327577},
}
@article{summerfield1981articulatory,
  title        = {Articulatory rate and perceptual constancy in phonetic perception.},
  author       = {Summerfield, Quentin},
  year         = 1981,
  journal      = {Journal of Experimental Psychology: Human Perception and Performance},
  publisher    = {American Psychological Association},
  volume       = 7,
  number       = 5,
  pages        = 1074,
}
@book{tukey1953,
  title        = {The problem of multiple comparisons},
  author       = {Tukey, J W},
  year         = 1953,
  publisher    = {Unpublished report, Princeton University, Princeton, N.J.},
}
@book{tukey1977exploratory,
  title        = {Exploratory data analysis},
  author       = {Tukey, John W},
  year         = 1977,
  publisher    = {Reading, MA},
  volume       = 2,
}
@article{turnbull2017role,
  title        = {The role of predictability in intonational variability},
  author       = {Turnbull, Rory},
  year         = 2017,
  journal      = {Language and speech},
  publisher    = {SAGE Publications Sage UK: London, England},
  volume       = 60,
  number       = 1,
  pages        = {123--153},
}
@article{tversky1974judgment,
  title        = {Judgment under uncertainty: Heuristics and biases},
  author       = {Tversky, Amos and Kahneman, Daniel},
  year         = 1974,
  journal      = {science},
  publisher    = {American association for the advancement of science},
  volume       = 185,
  number       = 4157,
  pages        = {1124--1131},
}
@article{van2005speech,
  title        = {Speech rate as a secondary prosodic characteristic of polarity questions in three languages},
  author       = {Van Heuven, Vincent J and Van Zanten, Ellen},
  year         = 2005,
  journal      = {Speech Communication},
  publisher    = {Elsevier},
  volume       = 47,
  number       = {1-2},
  pages        = {87--99},
}
@article{van2020formalizing,
  title        = {Formalizing verbal theories: A tutorial by dialogue.},
  author       = {van Rooij, Iris and Blokpoel, Mark},
  year         = 2020,
  journal      = {Social Psychology},
  publisher    = {Hogrefe Publishing},
  volume       = 51,
  number       = 5,
  pages        = 285,
}
@article{vazire2017quality,
  title        = {Quality uncertainty erodes trust in science},
  author       = {Vazire, Simine},
  year         = 2017,
  journal      = {Collabra: Psychology},
  publisher    = {University of California Press},
  volume       = 3,
  number       = 1,
}
@article{wagenmakers2012agenda,
  title        = {An agenda for purely confirmatory research},
  author       = {Wagenmakers, Eric-Jan and Wetzels, Ruud and Borsboom, Denny and van der Maas, Han LJ and Kievit, Rogier A},
  year         = 2012,
  journal      = {Perspectives on Psychological Science},
  publisher    = {Sage Publications Sage CA: Los Angeles, CA},
  volume       = 7,
  number       = 6,
  pages        = {632--638},
}
@article{westerbeek2015stored,
  title        = {Stored object knowledge and the production of referring expressions: The case of color typicality},
  author       = {Westerbeek, Hans and Koolen, Ruud and Maes, Alfons},
  year         = 2015,
  journal      = {Frontiers in psychology},
  publisher    = {Frontiers},
  volume       = 6,
  pages        = 935,
}
@incollection{white2009,
  title        = {Rhythmic and prosodic contrast in {V}enetan and {S}icilian {I}talian},
  author       = {White, Laurence and Payne, Elinor and Mattys, Sven L.},
  year         = 2009,
  booktitle    = {Phonetics and phonology: Interactions and interrelations},
  publisher    = {Amsterdam: John Benjamins},
  pages        = {137--158},
  editor       = {Vigario, M. and Frota, S. and Freitas, M. J.},
}
@article{wicherts2006poor,
  title        = {The poor availability of psychological research data for reanalysis.},
  author       = {Wicherts, Jelte M. and Borsboom, Denny and Kats, Judith and Molenaar, Dylan},
  year         = 2006,
  journal      = {American psychologist},
  publisher    = {American Psychological Association},
  volume       = 61,
  number       = 7,
  pages        = 726,
}
@article{wicherts2016,
  title        = {Degrees of Freedom in Planning, Running, Analyzing, and Reporting Psychological Studies: A Checklist to Avoid p-Hacking},
  author       = {Jelte M. Wicherts and Coosje L. S. Veldkamp and Hilde E. M. Augusteijn and Marjan Bakker and Robbie C. M. van Aert and Marcel A. L. M. van Assen},
  year         = 2016,
  journal      = {Frontiers in Psychology},
  volume       = 7,
  doi          = {10.3389/fpsyg.2016.01832},
}
@article{winkelmann2017emu,
  title        = {EMU-SDMS: Advanced speech database management and analysis in R},
  author       = {Winkelmann, Raphael and Harrington, Jonathan and J{\"a}nsch, Klaus},
  year         = 2017,
  journal      = {Computer Speech \& Language},
  publisher    = {Elsevier},
  volume       = 45,
  pages        = {392--410},
}
@article{winter2014spoken,
  title        = {Spoken language achieves robustness and evolvability by exploiting degeneracy and neutrality},
  author       = {Winter, Bodo},
  year         = 2014,
  journal      = {BioEssays},
  publisher    = {Wiley Online Library},
  volume       = 36,
  number       = 10,
  pages        = {960--967},
}

@Article{matic2013meanings,
title={The meanings of focus: The significance of an interpretation-based category in cross-linguistic analysis1},
author={Mati{'c}, Dejan and Wedgwood, Daniel},
journal={Journal of Linguistics},
volume={49},
number={1},
pages={127--163},
year={2013},
publisher={Cambridge University Press}
}

@Article{BURDIN2015254,
title = {Variation in the prosody of focus in head- and head/edge-prominence languages},
journal = {Lingua},
volume = {165},
pages = {254-276},
year = {2015},
note = {Prosody and Information Status in Typological Perspective},
issn = {0024-3841},
doi = {https://doi.org/10.1016/j.lingua.2014.10.001},
url = {https://www.sciencedirect.com/science/article/pii/S0024384114002290},
author = {Rachel Steindel Burdin and Sara Phillips-Bourass and Rory Turnbull and Murat Yasavul and Cynthia G. Clopper and Judith Tonhauser}
}

